
@ONLINE{Vimio:2010:DrawingMachine,
author = {Harvey Moon},
title = {Drawing Machine Studio},
url = {https://vimeo.com/18798535}
}


@misc{Hektor,
author = {JÃ¼rg Lehni and Uli Franke},
title = {Hektor},
year = {2002},
howpublished={\url{http://juerglehni.com/works/hektor}
}


@ONLINE{Pololu:StepperDriver,
author = {Allegro},
title = {A4988 datasheet},
url = {https://www.pololu.com/file/download/A4988.pdf?file_id=0J450}
}

% to cite the sofware library
@misc{itseez2015opencv,
  title={Open Source Computer Vision Library},
  author={Itseez},
  year={2015},
  howpublished = {\url{https://github.com/itseez/opencv}}
}